[gd_scene load_steps=14 format=2]

[ext_resource path="res://ingame_assets/dungeon_props/wallSingle_cornergltf.tscn" type="PackedScene" id=1]
[ext_resource path="res://player/player.tscn" type="PackedScene" id=2]
[ext_resource path="res://ingame_assets/dungeon_props/wallSinglegltf.tscn" type="PackedScene" id=3]
[ext_resource path="res://3rdParty/KayKit Dungeon Pack 1.0/Models/gltf/wall_door.gltf.glb" type="PackedScene" id=4]
[ext_resource path="res://ingame_assets/dungeon_props_moveable/hinge_door.tscn" type="PackedScene" id=5]
[ext_resource path="res://ingame_assets/dungeon_props/tileBrickA_mediumgltf.tscn" type="PackedScene" id=6]
[ext_resource path="res://ingame_assets/dungeon_props/wallgltf.tscn" type="PackedScene" id=7]
[ext_resource path="res://ingame_assets/dungeon_props/wallCornergltf.tscn" type="PackedScene" id=8]
[ext_resource path="res://ingame_assets/dungeon_props/wallSplitgltf.tscn" type="PackedScene" id=9]
[ext_resource path="res://enemy/enemy.tscn" type="PackedScene" id=10]
[ext_resource path="res://axe_trap/axe_trap.tscn" type="PackedScene" id=11]
[ext_resource path="res://singletons/DistractionManager.tscn" type="PackedScene" id=12]
[ext_resource path="res://box/box.tscn" type="PackedScene" id=13]

[node name="Node3D" type="Node3D"]

[node name="DistractionManager" parent="." instance=ExtResource( 12 )]

[node name="player" parent="." instance=ExtResource( 2 )]
transform = Transform3D( 1, 0, 0, 0, 1, 0, 0, 0, 1, 24, 1.17394, 7 )

[node name="hinge_door" parent="." instance=ExtResource( 5 )]
transform = Transform3D( -4.37114e-08, 0, -1, 0, 1, 0, 1, 0, -4.37114e-08, 28, 0, 3 )

[node name="DirectionalLight3D" type="DirectionalLight3D" parent="."]
transform = Transform3D( 1, 0, 0, 0, -1.62921e-07, 1, 0, -1, -1.62921e-07, 0, 4.585, 0 )
light_energy = 0.1
shadow_enabled = true

[node name="wallSingle_cornergltf" parent="." instance=ExtResource( 1 )]
transform = Transform3D( 1, 0, 0, 0, 1, 0, 0, 0, 1, 40, 0, 0 )

[node name="wallSingle_cornergltf2" parent="." instance=ExtResource( 1 )]
transform = Transform3D( -4.37114e-08, 0, -1, 0, 1, 0, 1, 0, -4.37114e-08, 40, 0, 8 )

[node name="wallSingle_cornergltf4" parent="." instance=ExtResource( 1 )]
transform = Transform3D( -1, 0, 8.74228e-08, 0, 1, 0, -8.74228e-08, 0, -1, 28, 0, 8 )

[node name="wallSingle_cornergltf6" parent="." instance=ExtResource( 1 )]
transform = Transform3D( -4.37114e-08, 0, -1, 0, 1, 0, 1, 0, -4.37114e-08, 28, 0, 13 )

[node name="wallSingle_cornergltf7" parent="." instance=ExtResource( 1 )]
transform = Transform3D( -1, 0, 8.74228e-08, 0, 1, 0, -8.74228e-08, 0, -1, 20, 0, 13 )

[node name="wallCornergltf" parent="." instance=ExtResource( 8 )]
transform = Transform3D( 1, 0, -1.74846e-07, 0, 1, 0, 1.74846e-07, 0, 1, 20, 0, 1 )

[node name="wallCornergltf4" parent="." instance=ExtResource( 8 )]
transform = Transform3D( -2.18557e-07, 0, -1, 0, 1, 0, 1, 0, -2.18557e-07, 20, 0, -7 )

[node name="wallSplitgltf2" parent="." instance=ExtResource( 9 )]
transform = Transform3D( 1.31134e-07, 0, 1, 0, 1, 0, -1, 0, 1.31134e-07, 28, 0, -9.53674e-07 )

[node name="wallCornergltf5" parent="." instance=ExtResource( 8 )]
transform = Transform3D( 1.31134e-07, 0, 1, 0, 1, 0, -1, 0, 1.31134e-07, 28, 0, -8 )

[node name="wallCornergltf2" parent="." instance=ExtResource( 8 )]
transform = Transform3D( -1, 0, 8.74228e-08, 0, 1, 0, -8.74228e-08, 0, -1, 12, 0, 1 )

[node name="wallCornergltf7" parent="." instance=ExtResource( 8 )]
transform = Transform3D( -4.37114e-08, 0, -1, 0, 1, 0, 1, 0, -4.37114e-08, 36, 0, -8 )

[node name="wallCornergltf8" parent="." instance=ExtResource( 8 )]
transform = Transform3D( 1, 0, 0, 0, 1, 0, 0, 0, 1, 36, 0, -15 )

[node name="wallCornergltf3" parent="." instance=ExtResource( 8 )]
transform = Transform3D( 1.31134e-07, 0, 1, 0, 1, 0, -1, 0, 1.31134e-07, 12, 0, -7 )

[node name="wallCornergltf6" parent="." instance=ExtResource( 8 )]
transform = Transform3D( 1.31134e-07, 0, 1, 0, 1, 0, -1, 0, 1.31134e-07, 20, 0, -15 )

[node name="tileBrickA_mediumgltf" parent="." instance=ExtResource( 6 )]
transform = Transform3D( 1, 0, 0, 0, 1, 0, 0, 0, 1, 26, -1, 7 )

[node name="tileBrickA_mediumgltf3" parent="." instance=ExtResource( 6 )]
transform = Transform3D( 1, 0, 0, 0, 1, 0, 0, 0, 1, 26, -1, 11 )

[node name="tileBrickA_mediumgltf2" parent="." instance=ExtResource( 6 )]
transform = Transform3D( 1, 0, 0, 0, 1, 0, 0, 0, 1, 26, -1, 3 )

[node name="tileBrickA_mediumgltf10" parent="." instance=ExtResource( 6 )]
transform = Transform3D( 1, 0, 0, 0, 1, 0, 0, 0, 1, 22, -1, 7 )

[node name="tileBrickA_mediumgltf11" parent="." instance=ExtResource( 6 )]
transform = Transform3D( 1, 0, 0, 0, 1, 0, 0, 0, 1, 22, -1, 11 )

[node name="tileBrickA_mediumgltf12" parent="." instance=ExtResource( 6 )]
transform = Transform3D( 1, 0, 0, 0, 1, 0, 0, 0, 1, 22, -1, 3 )

[node name="tileBrickA_mediumgltf13" parent="." instance=ExtResource( 6 )]
transform = Transform3D( 1, 0, 0, 0, 1, 0, 0, 0, 1, 26, -1, -1 )

[node name="tileBrickA_mediumgltf14" parent="." instance=ExtResource( 6 )]
transform = Transform3D( 1, 0, 0, 0, 1, 0, 0, 0, 1, 22, -1, -1 )

[node name="tileBrickA_mediumgltf19" parent="." instance=ExtResource( 6 )]
transform = Transform3D( 1, 0, 0, 0, 1, 0, 0, 0, 1, 26, -1, -5 )

[node name="tileBrickA_mediumgltf20" parent="." instance=ExtResource( 6 )]
transform = Transform3D( 1, 0, 0, 0, 1, 0, 0, 0, 1, 22, -1, -5 )

[node name="tileBrickA_mediumgltf21" parent="." instance=ExtResource( 6 )]
transform = Transform3D( 1, 0, 0, 0, 1, 0, 0, 0, 1, 26, -1, -9 )

[node name="tileBrickA_mediumgltf22" parent="." instance=ExtResource( 6 )]
transform = Transform3D( 1, 0, 0, 0, 1, 0, 0, 0, 1, 22, -1, -9 )

[node name="tileBrickA_mediumgltf23" parent="." instance=ExtResource( 6 )]
transform = Transform3D( 1, 0, 0, 0, 1, 0, 0, 0, 1, 26, -1, -13 )

[node name="tileBrickA_mediumgltf25" parent="." instance=ExtResource( 6 )]
transform = Transform3D( 1, 0, 0, 0, 1, 0, 0, 0, 1, 30, -1, -9 )

[node name="tileBrickA_mediumgltf26" parent="." instance=ExtResource( 6 )]
transform = Transform3D( 1, 0, 0, 0, 1, 0, 0, 0, 1, 30, -1, -13 )

[node name="tileBrickA_mediumgltf27" parent="." instance=ExtResource( 6 )]
transform = Transform3D( 1, 0, 0, 0, 1, 0, 0, 0, 1, 34, -1, -9 )

[node name="tileBrickA_mediumgltf28" parent="." instance=ExtResource( 6 )]
transform = Transform3D( 1, 0, 0, 0, 1, 0, 0, 0, 1, 34, -1, -13 )

[node name="tileBrickA_mediumgltf24" parent="." instance=ExtResource( 6 )]
transform = Transform3D( 1, 0, 0, 0, 1, 0, 0, 0, 1, 22, -1, -13 )

[node name="tileBrickA_mediumgltf15" parent="." instance=ExtResource( 6 )]
transform = Transform3D( 1, 0, 0, 0, 1, 0, 0, 0, 1, 14, -1, -1 )

[node name="tileBrickA_mediumgltf16" parent="." instance=ExtResource( 6 )]
transform = Transform3D( 1, 0, 0, 0, 1, 0, 0, 0, 1, 14, -1, -5 )

[node name="tileBrickA_mediumgltf17" parent="." instance=ExtResource( 6 )]
transform = Transform3D( 1, 0, 0, 0, 1, 0, 0, 0, 1, 18, -1, -1 )

[node name="tileBrickA_mediumgltf18" parent="." instance=ExtResource( 6 )]
transform = Transform3D( 1, 0, 0, 0, 1, 0, 0, 0, 1, 18, -1, -5 )

[node name="tileBrickA_mediumgltf4" parent="." instance=ExtResource( 6 )]
transform = Transform3D( 1, 0, 0, 0, 1, 0, 0, 0, 1, 38, -1, 6 )

[node name="tileBrickA_mediumgltf6" parent="." instance=ExtResource( 6 )]
transform = Transform3D( 1, 0, 0, 0, 1, 0, 0, 0, 1, 38, -1, 2 )

[node name="tileBrickA_mediumgltf5" parent="." instance=ExtResource( 6 )]
transform = Transform3D( 1, 0, 0, 0, 1, 0, 0, 0, 1, 34, -1, 6 )

[node name="tileBrickA_mediumgltf7" parent="." instance=ExtResource( 6 )]
transform = Transform3D( 1, 0, 0, 0, 1, 0, 0, 0, 1, 34, -1, 2 )

[node name="tileBrickA_mediumgltf8" parent="." instance=ExtResource( 6 )]
transform = Transform3D( 1, 0, 0, 0, 1, 0, 0, 0, 1, 30, -1, 6 )

[node name="tileBrickA_mediumgltf9" parent="." instance=ExtResource( 6 )]
transform = Transform3D( 1, 0, 0, 0, 1, 0, 0, 0, 1, 30, -1, 2 )

[node name="wallSingle_cornergltf5" parent="." instance=ExtResource( 1 )]
transform = Transform3D( 1.31134e-07, 0, 1, 0, 1, 0, -1, 0, 1.31134e-07, 28, 0, 0 )

[node name="wallSingle_cornergltf3" parent="." instance=ExtResource( 1 )]
transform = Transform3D( -4.37114e-08, 0, -1, 0, 1, 0, 1, 0, -4.37114e-08, 40, 0, 8 )

[node name="wallSinglegltf4" parent="." instance=ExtResource( 3 )]
transform = Transform3D( -1, 0, -8.74228e-08, 0, 1, 0, 8.74228e-08, 0, -1, 36, 0, 8 )

[node name="wallSinglegltf7" parent="." instance=ExtResource( 3 )]
transform = Transform3D( -1, 0, -8.74228e-08, 0, 1, 0, 8.74228e-08, 0, -1, 24, 0, 13 )

[node name="wallSinglegltf5" parent="." instance=ExtResource( 3 )]
transform = Transform3D( -1, 0, -8.74228e-08, 0, 1, 0, 8.74228e-08, 0, -1, 32, 0, 8 )

[node name="wallSinglegltf3" parent="." instance=ExtResource( 3 )]
transform = Transform3D( -4.37114e-08, 0, -1, 0, 1, 0, 1, 0, -4.37114e-08, 40, 0, 4 )

[node name="wallSinglegltf6" parent="." instance=ExtResource( 3 )]
transform = Transform3D( -4.37114e-08, 0, -1, 0, 1, 0, 1, 0, -4.37114e-08, 28, 0, 9 )

[node name="wallSinglegltf8" parent="." instance=ExtResource( 3 )]
transform = Transform3D( -4.37114e-08, 0, 1, 0, 1, 0, -1, 0, -4.37114e-08, 20, 0, 9 )

[node name="wallSinglegltf9" parent="." instance=ExtResource( 3 )]
transform = Transform3D( -4.37114e-08, 0, 1, 0, 1, 0, -1, 0, -4.37114e-08, 20, 0, 5 )

[node name="wall_doorgltf" parent="." instance=ExtResource( 4 )]
transform = Transform3D( -4.37114e-08, 0, 1, 0, 1, 0, -1, 0, -4.37114e-08, 28, 0, 4 )

[node name="wallgltf" parent="." instance=ExtResource( 7 )]
transform = Transform3D( 1, 0, 0, 0, 1, 0, 0, 0, 1, 16, 0, 1 )

[node name="wallgltf7" parent="." instance=ExtResource( 7 )]
transform = Transform3D( 1, 0, 0, 0, 1, 0, 0, 0, 1, 32, 0, -8 )

[node name="wallgltf4" parent="." instance=ExtResource( 7 )]
transform = Transform3D( 1, 0, 0, 0, 1, 0, 0, 0, 1, 32, 0, 0 )

[node name="wallgltf6" parent="." instance=ExtResource( 7 )]
transform = Transform3D( -4.37114e-08, 0, 1, 0, 1, 0, -1, 0, -4.37114e-08, 28, 0, -4 )

[node name="wallgltf5" parent="." instance=ExtResource( 7 )]
transform = Transform3D( 1, 0, 0, 0, 1, 0, 0, 0, 1, 36, 0, 0 )

[node name="wallgltf3" parent="." instance=ExtResource( 7 )]
transform = Transform3D( 1, 0, 0, 0, 1, 0, 0, 0, 1, 16, 0, -7 )

[node name="wallgltf9" parent="." instance=ExtResource( 7 )]
transform = Transform3D( 1, 0, 0, 0, 1, 0, 0, 0, 1, 24, 0, -15 )

[node name="wallgltf10" parent="." instance=ExtResource( 7 )]
transform = Transform3D( 1, 0, 0, 0, 1, 0, 0, 0, 1, 28, 0, -15 )

[node name="wallgltf11" parent="." instance=ExtResource( 7 )]
transform = Transform3D( 1, 0, 0, 0, 1, 0, 0, 0, 1, 32, 0, -15 )

[node name="wallgltf2" parent="." instance=ExtResource( 7 )]
transform = Transform3D( -4.37114e-08, 0, 1, 0, 1, 0, -1, 0, -4.37114e-08, 12, 0, -3 )

[node name="wallgltf8" parent="." instance=ExtResource( 7 )]
transform = Transform3D( -4.37114e-08, 0, 1, 0, 1, 0, -1, 0, -4.37114e-08, 20, 0, -11 )

[node name="wallgltf12" parent="." instance=ExtResource( 7 )]
transform = Transform3D( -4.37114e-08, 0, 1, 0, 1, 0, -1, 0, -4.37114e-08, 36, 0, -12 )

[node name="enemy" parent="." instance=ExtResource( 10 )]
transform = Transform3D( -2.18557e-07, 0, 1, 0, 1, 0, -1, 0, -2.18557e-07, 29, 1, -11 )

[node name="enemy2" parent="." instance=ExtResource( 10 )]
transform = Transform3D( 0.743589, 0, -0.668637, 0, 1, 0, 0.668637, 0, 0.743589, 17, 1, -4 )

[node name="AxeTrap" parent="." instance=ExtResource( 11 )]
transform = Transform3D( 1, 0, 0, 0, 1, 0, 0, 0, 1, 24, 9.53674e-07, -3 )

[node name="Box" parent="." instance=ExtResource( 13 )]
transform = Transform3D( 1, 0, 0, 0, 1, 0, 0, 0, 1, 26, 5, 7 )

[node name="Box2" parent="." instance=ExtResource( 13 )]
transform = Transform3D( 1, 0, 0, 0, 1, 0, 0, 0, 1, 24, 5, 7 )

[node name="Box3" parent="." instance=ExtResource( 13 )]
transform = Transform3D( 1, 0, 0, 0, 1, 0, 0, 0, 1, 25, 5, 9 )
