[gd_scene load_steps=7 format=2]

[ext_resource path="res://3rdParty/KayKit Dungeon Pack 1.0/Models/gltf/scaffold_small_medium_railing_long.gltf.glb" type="PackedScene" id=1]

[sub_resource type="BoxShape3D" id=1]
size = Vector3( 2, 0.1, 1 )

[sub_resource type="BoxShape3D" id=2]
size = Vector3( 0.1, 1.5, 0.1 )

[sub_resource type="BoxShape3D" id=3]
size = Vector3( 0.1, 1.5, 0.1 )

[sub_resource type="BoxShape3D" id=4]
size = Vector3( 0.1, 1, 0.1 )

[sub_resource type="BoxShape3D" id=5]
size = Vector3( 2, 0.1, 0.2 )

[node name="scaffold_small_medium_railing_longgltf" instance=ExtResource( 1 )]

[node name="StaticBody3D" type="StaticBody3D" parent="." index="1"]
collision_mask = 0

[node name="CollisionShape3D" type="CollisionShape3D" parent="StaticBody3D" index="0"]
transform = Transform3D( 1, 0, 0, 0, 1, 0, 0, 0, 1, 0, 2, 0 )
shape = SubResource( 1 )

[node name="CollisionShape2" type="CollisionShape3D" parent="StaticBody3D" index="1"]
transform = Transform3D( 1, 0, 0, 0, 1, 0, 0, 0, 1, 0, 1.5, 0.8 )
shape = SubResource( 2 )

[node name="CollisionShape3" type="CollisionShape3D" parent="StaticBody3D" index="2"]
transform = Transform3D( 1, 0, 0, 0, 1, 0, 0, 0, 1, 1.8, 1.5, 0.8 )
shape = SubResource( 3 )

[node name="CollisionShape4" type="CollisionShape3D" parent="StaticBody3D" index="3"]
transform = Transform3D( 1, 0, 0, 0, 1, 0, 0, 0, 1, -1.8, 1.5, 0.8 )
shape = SubResource( 3 )

[node name="CollisionShape5" type="CollisionShape3D" parent="StaticBody3D" index="4"]
transform = Transform3D( 1, 0, 0, 0, 1, 0, 0, 0, 1, 0, 1, -0.8 )
shape = SubResource( 4 )

[node name="CollisionShape6" type="CollisionShape3D" parent="StaticBody3D" index="5"]
transform = Transform3D( 1, 0, 0, 0, 1, 0, 0, 0, 1, 1.8, 1, -0.8 )
shape = SubResource( 4 )

[node name="CollisionShape7" type="CollisionShape3D" parent="StaticBody3D" index="6"]
transform = Transform3D( 1, 0, 0, 0, 1, 0, 0, 0, 1, -1.8, 1, -0.8 )
shape = SubResource( 4 )

[node name="CollisionShape8" type="CollisionShape3D" parent="StaticBody3D" index="7"]
transform = Transform3D( 1, 0, 0, 0, 1, 0, 0, 0, 1, 0, 3, 0.8 )
shape = SubResource( 5 )
