[gd_scene load_steps=12 format=2]

[ext_resource path="res://3rdParty/kaykit animated/skull_chara_animated.fbx" type="PackedScene" id=1]
[ext_resource path="res://3rdParty/KayKit Dungeon Pack 1.0/Models/Characters/gltf/Metal.material" type="Material" id=2]
[ext_resource path="res://3rdParty/KayKit Dungeon Pack 1.0/Models/Characters/gltf/BrownDark.material" type="Material" id=3]
[ext_resource path="res://3rdParty/KayKit Dungeon Pack 1.0/Models/Characters/gltf/Brown.material" type="Material" id=4]
[ext_resource path="res://3rdParty/KayKit Dungeon Pack 1.0/Models/Characters/gltf/Black.material" type="Material" id=5]
[ext_resource path="res://3rdParty/KayKit Dungeon Pack 1.0/Models/Characters/gltf/GreenDark.material" type="Material" id=6]
[ext_resource path="res://3rdParty/KayKit Dungeon Pack 1.0/Models/Characters/gltf/White.material" type="Material" id=7]

[sub_resource type="AnimationNodeAnimation" id=3]
animation = "KayKit Animated Character|Idle_loop"

[sub_resource type="AnimationNodeAnimation" id=1]
animation = "KayKit Animated Character|Walk_loop"

[sub_resource type="AnimationNodeBlend2" id=4]

[sub_resource type="AnimationNodeBlendTree" id=2]
graph_offset = Vector2( -1032, -175.5 )
nodes/Animation/node = SubResource( 1 )
nodes/Animation/position = Vector2( -280, 180 )
"nodes/Animation 2/node" = SubResource( 3 )
"nodes/Animation 2/position" = Vector2( -280, 20 )
nodes/output/position = Vector2( 600, 100 )
nodes/walk/node = SubResource( 4 )
nodes/walk/position = Vector2( 200, 100 )
node_connections = [ "output", 0, "walk", "walk", 0, "Animation 2", "walk", 1, "Animation" ]

[node name="skull_chara_animated" instance=ExtResource( 1 )]

[node name="KayKit Animated Character" parent="." index="0"]
transform = Transform3D( 100, 5.96046e-05, 1.34359e-05, -1.34359e-05, -4.76837e-05, 100, 5.96047e-05, -100, -4.76837e-05, 0, 0, 0 )

[node name="skull" parent="KayKit Animated Character" index="0"]
material/0 = ExtResource( 7 )
material/1 = ExtResource( 5 )
material/2 = ExtResource( 6 )
material/3 = ExtResource( 3 )
material/4 = ExtResource( 4 )
material/5 = ExtResource( 2 )

[node name="AnimationTree" type="AnimationTree" parent="." index="2"]
tree_root = SubResource( 2 )
anim_player = NodePath("../AnimationPlayer")
active = true
parameters/walk/blend_amount = 0
